<?xml version="1.0" encoding="UTF-8" ?>
<collection xmlns:xsi="http://www.w3.org/2001/XMLSchema-instance"
    xsi:schemaLocation="http://www.loc.gov/MARC21/slim
        http://www.loc.gov/standards/marcxml/schema/MARC21slim.xsd"
    xmlns="http://www.loc.gov/MARC21/slim">
<record>
  <leader>00292cam a2200577 i 4500</leader>
  <controlfield tag="001">b17918595</controlfield>
  <controlfield tag="003">LeBAU</controlfield>
  <controlfield tag="005">20190724</controlfield>
  <controlfield tag="008">110524s1933    ua            000 0 ara d</controlfield>
  <datafield tag="040" ind1=" " ind2=" ">
    <subfield code="a">LEAUB</subfield>
    <subfield code="b">ara</subfield>
    <subfield code="e">rda</subfield>
    <subfield code="c">LEAUB</subfield>
  </datafield>
  <datafield tag="082" ind1="0" ind2="4">
    <subfield code="a">349.297</subfield>
    <subfield code="2">23</subfield>
  </datafield>
  <datafield tag="100" ind1="1" ind2=" ">
    <subfield code="6">880-01</subfield>
    <subfield code="a">Jazīrī, ʻAbd al-Raḥmān.</subfield>
    <subfield code="e">author.</subfield>
    <subfield code="0">https://lccn.loc.gov/nr92015284 ,</subfield>
  </datafield>
  <datafield tag="245" ind1="1" ind2="0">
    <subfield code="6">880-02</subfield>
    <subfield code="a">Kitāb al-Fiqh ʻalá al-madhāhib al-arbaʻah /</subfield>
    <subfield code="c">ta’līf ʻAbd al-Raḥmān al-Jazīrī, mufattish awwal Masājid al-Awqāf.</subfield>
  </datafield>
  <datafield tag="246" ind1="3" ind2="0">
    <subfield code="6">880-03</subfield>
    <subfield code="a">Fiqh ʻalá al-madhāhib al-arbaʻah</subfield>
  </datafield>
  <datafield tag="250" ind1=" " ind2=" ">
    <subfield code="6">880-04</subfield>
    <subfield code="a">al-Ṭabʻah al-thāniyah.</subfield>
  </datafield>
  <datafield tag="264" ind1=" " ind2="1">
    <subfield code="6">880-05</subfield>
    <subfield code="a">[Miṣr] :</subfield>
    <subfield code="b">Maṭbaʻat al-Ḥaḍārah al-Sharqīyah,</subfield>
    <subfield code="c">1352 H. = 1933 M.</subfield>
  </datafield>
  <datafield tag="300" ind1=" " ind2=" ">
    <subfield code="6">880-06</subfield>
    <subfield code="a">5 volumes ;</subfield>
    <subfield code="c">28 cm</subfield>
  </datafield>
  <datafield tag="336" ind1=" " ind2=" ">
    <subfield code="a">text</subfield>
    <subfield code="b">txt</subfield>
    <subfield code="2">rdacontent</subfield>
  </datafield>
  <datafield tag="337" ind1=" " ind2=" ">
    <subfield code="a">unmediated</subfield>
    <subfield code="b">n</subfield>
    <subfield code="2">rdamedia</subfield>
  </datafield>
  <datafield tag="338" ind1=" " ind2=" ">
    <subfield code="a">volume</subfield>
    <subfield code="b">nc</subfield>
    <subfield code="2">rdacarrier</subfield>
  </datafield>
  <datafield tag="505" ind1="0" ind2=" ">
    <subfield code="a">الجزء الاول. قسم العبادات. ويليه ملحق في الأضحية والذكاة [الزكاة] الشرعية وما يجوز وما لا يجوز على المذاهب الأربعة. -- الجزء الثاني-الثالث. قسم المعاملات -- الجزء الرابع. النكاح والطلاق -- الجزء الخامس. الحدود.</subfield>
  </datafield>
  <datafield tag="590" ind1=" " ind2=" ">
    <subfield code="a">في المكتبة: الجزء 2.</subfield>
  </datafield>
  <datafield tag="650" ind1=" " ind2="4">
    <subfield code="a">الفقه الاسلامي.</subfield>
  </datafield>
  <datafield tag="650" ind1=" " ind2="4">
    <subfield code="a">الطهارة، شعائر</subfield>
    <subfield code="x">الاسلام.</subfield>
  </datafield>
  <datafield tag="650" ind1=" " ind2="4">
    <subfield code="a">الاسلام</subfield>
    <subfield code="x">شعائر.</subfield>
  </datafield>
  <datafield tag="650" ind1=" " ind2="4">
    <subfield code="a">الاسلام</subfield>
    <subfield code="x">العادات والممارسات.</subfield>
  </datafield>
  <datafield tag="650" ind1=" " ind2="4">
    <subfield code="a">الاسلام</subfield>
    <subfield code="x">عقائد.</subfield>
  </datafield>
  <datafield tag="650" ind1=" " ind2="0">
    <subfield code="a">Islamic law.</subfield>
  </datafield>
  <datafield tag="650" ind1=" " ind2="0">
    <subfield code="a">Purity, Ritual</subfield>
    <subfield code="x">Islam.</subfield>
  </datafield>
  <datafield tag="650" ind1=" " ind2="0">
    <subfield code="a">Islam</subfield>
    <subfield code="x">Rituals.</subfield>
  </datafield>
  <datafield tag="650" ind1=" " ind2="0">
    <subfield code="a">Islam</subfield>
    <subfield code="x">Customs and practices.</subfield>
  </datafield>
  <datafield tag="650" ind1=" " ind2="0">
    <subfield code="a">Islam</subfield>
    <subfield code="x">Doctrines.</subfield>
  </datafield>
  <datafield tag="787" ind1="0" ind2="8">
    <subfield code="6">880-07</subfield>
    <subfield code="i">has manifestation of work</subfield>
    <subfield code="4">http://rdaregistry.info/Elements/w/P10072 :</subfield>
    <subfield code="a">Jazīrī, ʻAbd al-Raḥmān.</subfield>
    <subfield code="t">Kitāb al-Fiqh ʻalá al-madhāhib al-arbaʻah.</subfield>
    <subfield code="b">al-Ṭabʻah al-thālithah.</subfield>
    <subfield code="d">Miṣr : al-Maktabah al-Tijārīyah al-Kubrá, 1938</subfield>
    <subfield code="w">(OCoLC)936117365</subfield>
    <subfield code="w">(OCoLC)936117365</subfield>
  </datafield>
  <datafield tag="787" ind1="0" ind2="8">
    <subfield code="6">880-08</subfield>
    <subfield code="i">has manifestation of work</subfield>
    <subfield code="4">http://rdaregistry.info/Elements/w/P10072 :</subfield>
    <subfield code="a">Jazīrī, ʻAbd al-Raḥmān.</subfield>
    <subfield code="t">Kitāb al-Fiqh ʻalá al-madhāhib al-arbaʻah.</subfield>
    <subfield code="d">[Miṣr] : [publisher not identified], 1933-1950</subfield>
    <subfield code="w">(OCoLC)784325477</subfield>
    <subfield code="w">(OCoLC)784325477</subfield>
  </datafield>
  <datafield tag="787" ind1="0" ind2="8">
    <subfield code="6">880-09</subfield>
    <subfield code="i">has manifestation of work</subfield>
    <subfield code="4">http://rdaregistry.info/Elements/w/P10072 :</subfield>
    <subfield code="a">Jazīrī, ʻAbd al-Raḥmān.</subfield>
    <subfield code="t">Kitāb al-Fiqh ʻalá al-madhāhib al-arbaʻah.</subfield>
    <subfield code="b">الطبعة الخامسة.</subfield>
    <subfield code="d">al-Qāhirah : Maṭbaʻat Dār al-Kitāb al-ʻArabī, 1369 H. = 1950 M.</subfield>
    <subfield code="w">(LEAUB)b17918583</subfield>
  </datafield>
  <datafield tag="852" ind1=" " ind2=" ">
    <subfield code="a">Jafet Library</subfield>
    <subfield code="e">American University of Beirut, Bliss Street, Beirut, Lebanon.‎</subfield>
  </datafield>
  <datafield tag="852" ind1=" " ind2=" ">
    <subfield code="a">Jafet Archives and Special Collections</subfield>
    <subfield code="e">American University of Beirut, Bliss Street, Beirut, Lebanon.</subfield>
  </datafield>
  <datafield tag="880" ind1="1" ind2=" ">
    <subfield code="6">100-01/(3/r</subfield>
    <subfield code="a">الجزيري، عبد الرحمن،</subfield>
    <subfield code="0">https://lccn.loc.gov/nr92015284 ,</subfield>
    <subfield code="e">مؤلف. </subfield>
    <subfield code="4">aut.</subfield>
  </datafield>
  <datafield tag="880" ind1="1" ind2="0">
    <subfield code="6">245-02/(3/r</subfield>
    <subfield code="a">كتاب الفقه على المذاهب الأربعة /</subfield>
    <subfield code="c">تأليف عبد الرحمن الجزيري، مفتش أول مساجد الأوقاف.</subfield>
  </datafield>
  <datafield tag="880" ind1="3" ind2="0">
    <subfield code="6">246-03/(3/r</subfield>
    <subfield code="a">الفقه على المذاهب الأربعة</subfield>
  </datafield>
  <datafield tag="880" ind1=" " ind2=" ">
    <subfield code="6">250-04/(3/r</subfield>
    <subfield code="a">الطبعة الثانية.</subfield>
  </datafield>
  <datafield tag="880" ind1=" " ind2="1">
    <subfield code="6">264-05/(3/r</subfield>
    <subfield code="a">[مصر] :</subfield>
    <subfield code="b">مطبعة الحضارة الشرقية،</subfield>
    <subfield code="c">1352 هـ. = 1933 م</subfield>
  </datafield>
  <datafield tag="880" ind1=" " ind2=" ">
    <subfield code="6">300-06/(3/r</subfield>
    <subfield code="a">5 اجزاء ؛</subfield>
    <subfield code="c">28 سم</subfield>
  </datafield>
  <datafield tag="880" ind1="0" ind2="8">
    <subfield code="6">787-07/(3/r</subfield>
    <subfield code="i">لديه تجسيدة لعمل</subfield>
    <subfield code="4">http://rdaregistry.info/Elements/w/P10072 :</subfield>
    <subfield code="a">الجزيري، عبد الرحمن.</subfield>
    <subfield code="t">كتاب الفقه على المذاهب الأربعة .</subfield>
    <subfield code="b">الطبعة الثالثة.</subfield>
    <subfield code="d">مصر : المكتبة التجارية الكبرى، 1938</subfield>
    <subfield code="w">(LEAUB)b17918613</subfield>
    <subfield code="w">(OCoLC)936117365</subfield>
  </datafield>
  <datafield tag="880" ind1="0" ind2="8">
    <subfield code="6">787-08/(3/r</subfield>
    <subfield code="i">لديه تجسيدة لعمل</subfield>
    <subfield code="4">http://rdaregistry.info/Elements/w/P10072 :</subfield>
    <subfield code="a">الجزيري، عبد الرحمن.</subfield>
    <subfield code="t">كتاب الفقه على المذاهب الأربعة.</subfield>
    <subfield code="d">[مصر] : [الناشر غير محدد]، 1933-1950</subfield>
    <subfield code="w">(LEAUB)b12457255</subfield>
    <subfield code="w">(OCoLC)784325477</subfield>
  </datafield>
  <datafield tag="880" ind1="0" ind2="8">
    <subfield code="6">787-09/(3/r</subfield>
    <subfield code="i">لديه تجسيدة لعمل</subfield>
    <subfield code="4">http://rdaregistry.info/Elements/w/P10072 :</subfield>
    <subfield code="a">الجزيري، عبد الرحمن.</subfield>
    <subfield code="t">كتاب الفقه على المذاهب الأربعة .</subfield>
    <subfield code="d">القاهرة : مطبعة دار الكتاب العربي، 1369 هـ. = 1950 م.</subfield>
    <subfield code="w">(LEAUB)b17918583</subfield>
  </datafield>
  <datafield tag="907" ind1=" " ind2=" ">
    <subfield code="a">.b17918595</subfield>
    <subfield code="b">19-08-29</subfield>
    <subfield code="c">13-12-13</subfield>
  </datafield>
  <datafield tag="907" ind1=" " ind2=" ">
    <subfield code="a">.b17918595</subfield>
    <subfield code="b">15-10-30</subfield>
    <subfield code="c">13-12-13</subfield>
  </datafield>
  <datafield tag="945" ind1=" " ind2=" ">
    <subfield code="f">CA</subfield>
    <subfield code="a">349.297:J42f2A:v.2</subfield>
    <subfield code="i">00543520</subfield>
    <subfield code="j">.i20497015</subfield>
    <subfield code="l">u0304</subfield>
  </datafield>
  <datafield tag="945" ind1=" " ind2=" ">
    <subfield code="f">J</subfield>
    <subfield code="a">349.297:J42f2A:v.2</subfield>
    <subfield code="i">01022032</subfield>
    <subfield code="j">.i20601360</subfield>
    <subfield code="l">u0503</subfield>
  </datafield>
  <datafield tag="998" ind1=" " ind2=" ">
    <subfield code="a">u03</subfield>
    <subfield code="a">u05</subfield>
    <subfield code="b">13-12-13</subfield>
    <subfield code="c">m</subfield>
    <subfield code="d">a  </subfield>
    <subfield code="e">-</subfield>
    <subfield code="f">ara</subfield>
    <subfield code="g">ua </subfield>
    <subfield code="h">0</subfield>
    <subfield code="i">2</subfield>
  </datafield>
</record>
</collection>
